@conference{superduper,
  title={{Composite motifs integrating multiple protein structures increase sensitivity for function prediction}},
  author={Chen, B.Y. and Bryant, D.H. and Cruess, A.E. and Bylund, J.H. and Fofanov, V.Y. and Kristensen, D.M. and Kimmel, M. and Lichtarge, O. and Kavraki, L.E.},
  booktitle={Computational systems bioinformatics: CSB2007 Conference proceedings, volume 6, University of California, San Diego, 13-17 August 2007},
  pages={343},
  isbn={1860948723},
  year={2007},
  organization={Imperial College Pr}
}

@article{cdk2_mycn_lethal,
  title={Inactivation of CDK2 is synthetically lethal to MYCN over-expressing cancer cells},
  author={Molenaar, J.J. and Ebus, M.E. and Geerts, D. and Koster, J. and Lamers, F. and Valentijn, L.J. and Westerhout, E.M. and Versteeg, R. and Caron, H.N.},
  journal={Proceedings of the National Academy of Sciences},
  volume={106},
  number={31},
  pages={12968},
  year={2009},
  publisher={National Acad Sciences}
}

@article{jorgensen1996development,
  title={Development and testing of the OPLS all-atom force field on conformational energetics and properties of organic liquids},
  author={Jorgensen, W.L. and Maxwell, D.S. and Tirado-Rives, J.},
  journal={Journal of the American Chemical Society},
  volume={118},
  number={45},
  pages={11225--11236},
  year={1996},
  publisher={ACS Publications}
}

@article{borrelli2010exploring,
  title={Exploring hierarchical refinement techniques for induced fit docking with protein and ligand flexibility},
  author={Borrelli, K.W. and Cossins, B. and Guallar, V.},
  journal={Journal of Computational Chemistry},
  volume={31},
  number={6},
  pages={1224--1235},
  year={2010},
  publisher={Wiley Online Library}
}

@article{li1987monte,
  title={Monte Carlo-minimization approach to the multiple-minima problem in protein folding},
  author={Li, Z. and Scheraga, H.A.},
  journal={Proceedings of the National Academy of Sciences},
  volume={84},
  number={19},
  pages={6611},
  year={1987},
  publisher={National Acad Sciences}
}


@article{cdk2_target,
  title={CDK2 is a target for retinoic acid-mediated growth inhibition in MCF-7 human breast cancer cells},
  author={Teixeira, C. and Pratt, MA},
  journal={Molecular Endocrinology},
  volume={11},
  number={9},
  pages={1191},
  year={1997},
  publisher={Endocrine Soc}
}

@article{jordapyrazolo,
  title={Pyrazolo [4, 3-d] pyrimidine Bioisostere of Roscovitine: Evaluation of a Novel Selective Inhibitor of Cyclin-dependent Kinases with Antiproliferative Activity},
  author={Jorda, R. and Havlícek, L. and McNae, I.W. and Walkinshaw, M.D. and Voller, J. and Sturc, A. and Navratilov, J. and Kuzma, M. and Mistrik, M. and Bartek, J. and others},
  journal={Journal of Medicinal Chemistry},
  publisher={ACS Publications}
}

@article{krystof2010cyclin,
  title={Cyclin-dependent kinase inhibitors as anticancer drugs},
  author={Krystof, V. and Uldrijan, S.},
  journal={Current drug targets},
  volume={11},
  number={3},
  pages={291--302},
  year={2010},
  publisher={Bentham Science Publishers}
}

@article{becker1997quantitative,
  title={Quantitative visualization of a macromolecular potential energy},
  author={Becker, O.M.},
  journal={Journal of Molecular Structure: THEOCHEM},
  volume={398},
  pages={507--516},
  year={1997},
  publisher={Elsevier}
}


@article{li2011vsgb,
  title={The VSGB 2.0 model: a next generation energy model for high resolution protein structure modeling},
  author={Li, Jianing and Abel, Robert and Zhu, Kai and Cao, Yixiang and Zhao, Suwen and Friesner, Richard A},
  journal={Proteins: Structure, Function, and Bioinformatics},
  volume={79},
  number={10},
  pages={2794--2812},
  year={2011},
  publisher={Wiley Online Library}
}



@article{li2007assignment,
  title={Assignment of polar states for protein amino acid residues using an interaction cluster decomposition algorithm and its application to high resolution protein structure modeling},
  author={Li, X. and Jacobson, M.P. and Zhu, K. and Zhao, S. and Friesner, R.A.},
  journal={Proteins: Structure, Function, and Bioinformatics},
  volume={66},
  number={4},
  pages={824--837},
  year={2007},
  publisher={Wiley Online Library}
}


@article{sphere_points,
  title={Minimal discrete energy on the sphere},
  author={Rakhmanov, EA and Saff, EB and Zhou, YM},
  journal={Math. Res. Lett},
  volume={1},
  number={6},
  pages={647--662},
  year={1994}
}

@inproceedings{heckbert1997fast,
  title={Fast surface particle repulsion},
  author={Heckbert, Paul},
  booktitle={SIGGRAPH},
  volume={97},
  pages={95--114},
  year={1997},
  organization={Citeseer}
}

% this has a bit about the optimal cell size to use where queries are spherical
@book{allen1989computer,
  title={Computer simulation of liquids},
  author={Allen, Michael P and Tildesley, Dominic J},
  year={1989},
  publisher={Oxford university press}
}

@article{jorgensen2009efficient,
  title={Efficient drug lead discovery and optimization},
  author={Jorgensen, William L},
  journal={Accounts of chemical research},
  volume={42},
  number={6},
  pages={724--733},
  year={2009},
  publisher={ACS Publications}
}


@article{ghosh1998generalized,
  title={Generalized Born model based on a surface integral formulation},
  author={Ghosh, Avijit and Rapp, Chaya Sendrovic and Friesner, Richard A},
  journal={The Journal of Physical Chemistry B},
  volume={102},
  number={52},
  pages={10983--10990},
  year={1998},
  publisher={ACS Publications}
}

@article{zhang2001solvent,
  title={Solvent models for protein--ligand binding: Comparison of implicit solvent Poisson and surface generalized Born models with explicit solvent simulations},
  author={Zhang, Linda Yu and Gallicchio, Emilio and Friesner, Richard A and Levy, Ronald M},
  journal={Journal of Computational Chemistry},
  volume={22},
  number={6},
  pages={591--607},
  year={2001},
  publisher={Wiley Online Library}
}

@article{gallicchio2002sgb,
  title={The SGB/NP hydration free energy model based on the surface generalized born solvent reaction field and novel nonpolar hydration free energy estimators},
  author={Gallicchio, Emilio and Zhang, Linda Yu and Levy, Ronald M},
  journal={Journal of computational chemistry},
  volume={23},
  number={5},
  pages={517--529},
  year={2002},
  publisher={Wiley Online Library}
}

@article{goldfeld2013loop,
  title={Loop prediction for a GPCR homology model: Algorithms and results},
  author={Goldfeld, Dahlia A and Zhu, Kai and Beuming, Thijs and Friesner, Richard A},
  journal={Proteins: Structure, Function, and Bioinformatics},
  volume={81},
  number={2},
  pages={214--228},
  year={2013},
  publisher={Wiley Online Library}
}

@article{congreve2012discovery,
  title={Discovery of 1, 2, 4-triazine derivatives as adenosine A2A antagonists using structure based drug design},
  author={Congreve, Miles and Andrews, Stephen P and Doré, Andrew S and Hollenstein, Kaspar and Hurrell, Edward and Langmead, Christopher J and Mason, Jonathan S and Ng, Irene W and Tehan, Benjamin and Zhukov, Andrei and others},
  journal={Journal of medicinal chemistry},
  volume={55},
  number={5},
  pages={1898--1903},
  year={2012},
  publisher={ACS Publications}
}

@article{corsino2009novel,
  title={A novel class of cyclin-dependent kinase inhibitors identified by molecular docking act through a unique mechanism},
  author={Corsino, Patrick and Horenstein, Nicole and Ostrov, David and Rowe, Thomas and Law, Mary and Barrett, Amanda and Aslanidi, George and Cress, W Douglas and Law, Brian},
  journal={Journal of Biological Chemistry},
  volume={284},
  number={43},
  pages={29945--29955},
  year={2009},
  publisher={ASBMB}
}

@article{geppert2010current,
  title={Current trends in ligand-based virtual screening: molecular representations, data mining methods, new application areas, and performance evaluation},
  author={Geppert, Hanna and Vogt, Martin and Bajorath, Jürgen},
  journal={Journal of chemical information and modeling},
  volume={50},
  number={2},
  pages={205--216},
  year={2010},
  publisher={ACS Publications}
}

@article{zhou2003free,
  title={Free energy landscape of protein folding in water: explicit vs. implicit solvent},
  author={Zhou, Ruhong},
  journal={Proteins: Structure, Function, and Bioinformatics},
  volume={53},
  number={2},
  pages={148--161},
  year={2003},
  publisher={Wiley Online Library}
}

@article{roux1999implicit,
  title={Implicit solvent models},
  author={Roux, Beno{\i}t and Simonson, Thomas},
  journal={Biophysical Chemistry},
  volume={78},
  number={1},
  pages={1--20},
  year={1999},
  publisher={Elsevier}
}

@article{bentley1979data,
  title={Data structures for range searching},
  author={Bentley, Jon Louis and Friedman, Jerome H},
  journal={ACM Computing Surveys (CSUR)},
  volume={11},
  number={4},
  pages={397--409},
  year={1979},
  publisher={ACM}
}

@article{harris2008cuda,
  title={Cuda fluid simulation in nvidia physx},
  author={Harris, Mark},
  journal={Siggraph Asia},
  pages={77--84},
  year={2008}
}

@phdthesis{turk1989interactive,
  title={Interactive collision detection for molecular graphics},
  author={Turk, Greg},
  year={1989},
  school={The University of North Carolina}
}

@article{gallicchio2004agbnp,
  title={AGBNP: An analytic implicit solvent model suitable for molecular dynamics simulations and high-resolution modeling},
  author={Gallicchio, Emilio and Levy, Ronald M},
  journal={Journal of computational chemistry},
  volume={25},
  number={4},
  pages={479--499},
  year={2004},
  publisher={Wiley Online Library}
}

@article{berman2007worldwide,
  title={The worldwide Protein Data Bank (wwPDB): ensuring a single, uniform archive of PDB data},
  author={Berman, Helen and Henrick, Kim and Nakamura, Haruki and Markley, John L},
  journal={Nucleic acids research},
  volume={35},
  number={suppl 1},
  pages={D301--D303},
  year={2007},
  publisher={Oxford Univ Press}
}

@article{jacobson2002role,
  title={On the role of the crystal environment in determining protein side-chain conformations},
  author={Jacobson, Matthew P and Friesner, Richard A and Xiang, Zhexin and Honig, Barry},
  journal={Journal of molecular biology},
  volume={320},
  number={3},
  pages={597--608},
  year={2002},
  publisher={Elsevier}
}

@article{jacobson2002force,
  title={Force field validation using protein side chain prediction},
  author={Jacobson, Matthew P and Kaminski, George A and Friesner, Richard A and Rapp, Chaya S},
  journal={The Journal of Physical Chemistry B},
  volume={106},
  number={44},
  pages={11673--11680},
  year={2002},
  publisher={ACS Publications}
}

@article{jacobson2004hierarchical,
  title={A hierarchical approach to all-atom protein loop prediction},
  author={Jacobson, Matthew P and Pincus, David L and Rapp, Chaya S and Day, Tyler JF and Honig, Barry and Shaw, David E and Friesner, Richard A},
  journal={Proteins: Structure, Function, and Bioinformatics},
  volume={55},
  number={2},
  pages={351--367},
  year={2004},
  publisher={Wiley Online Library}
}

