@techreport{abola1984protein,
  title={Protein data bank},
  author={Abola, Enrique E and Bernstein, Frances C and Koetzle, Thomas F},
  year={1984},
  institution={Brookhaven National Lab., Upton, NY (USA)}
}
