@article{afzelius2007state,
  title={State-of-the-art tools for computational site of metabolism predictions: comparative analysis, mechanistical insights, and future applications},
  author={Afzelius, Lovisa and Hasselgren Arnby, Catrin and Broo, Anders and Carlsson, Lars and Isaksson, Christine and Jurva, Ulrik and Kjellander, Britta and Kolmodin, Karin and Nilsson, Kristina and Raubacher, Florian and others},
  journal={Drug metabolism reviews},
  volume={39},
  number={1},
  pages={61--86},
  year={2007},
  publisher={Informa UK Ltd UK}
}
