@ONLINE{atwood2009paying,
author = {Jeff Atwood},
title = {Paying Down Your Technical Debt},
month = February,
year = {2009},
url = {http://www.codinghorror.com/blog/2009/02/paying-down-your-technical-debt.html},
howpublished = "\url{http://www.codinghorror.com/blog/2009/02/paying-down-your-technical-debt.html}"
}
