@article{bajorath1996comparison,
  title={Comparison of an antibody model with an X-ray structure: The variable fragment of BR96},
  author={Bajorath, J{\"u}rgen and Sheriff, Steven},
  journal={Proteins: Structure, Function, and Bioinformatics},
  volume={24},
  number={2},
  pages={152--157},
  year={1996},
  publisher={Wiley Online Library}
}
