@article{baker2005improving,
  title={Improving implicit solvent simulations: a Poisson-centric view},
  author={Baker, Nathan A},
  journal={Current opinion in structural biology},
  volume={15},
  number={2},
  pages={137--143},
  year={2005},
  publisher={Elsevier}
}
