@article{balakin2005comprehensive,
  title={Comprehensive computational assessment of ADME properties using mapping techniques},
  author={Balakin, Konstantin V and Ivanenkov, Yan A and Savchuk, Nikolay P and Ivashchenko, Andrey A and Ekins, Sean},
  journal={Current Drug Discovery Technologies},
  volume={2},
  number={2},
  pages={99--113},
  year={2005},
  publisher={Bentham Science Publishers}
}
