@article{barreiro2007docking,
  title={From docking false-positive to active anti-HIV agent},
  author={Barreiro, Gabriela and Kim, Joseph T and Guimar{\~a}es, Cristiano RW and Bailey, Christopher M and Domaoal, Robert A and Wang, Ligong and Anderson, Karen S and Jorgensen, William L},
  journal={Journal of medicinal chemistry},
  volume={50},
  number={22},
  pages={5324--5329},
  year={2007},
  publisher={ACS Publications}
}
