@article{berman2007worldwide,
  title={The worldwide Protein Data Bank (wwPDB): ensuring a single, uniform archive of PDB data},
  author={Berman, Helen and Henrick, Kim and Nakamura, Haruki and Markley, John L},
  journal={Nucleic acids research},
  volume={35},
  number={suppl 1},
  pages={D301--D303},
  year={2007},
  publisher={Oxford Univ Press}
}
