@article{berman2003announcing,
  title={Announcing the worldwide protein data bank},
  author={Berman, Helen and Henrick, Kim and Nakamura, Haruki},
  journal={Nature Structural \& Molecular Biology},
  volume={10},
  number={12},
  pages={980--980},
  year={2003},
  publisher={Nature Publishing Group}
}
