@article{betts2003amino,
  title={Amino acid properties and consequences of substitutions},
  author={Betts, MATTHEW J and Russell, Robert B},
  journal={Bioinformatics for geneticists},
  volume={317},
  pages={289},
  year={2003},
  publisher={Wiley New York, New York, USA}
}
