@article{bixon1967potential,
  title={Potential functions and conformations in cycloalkanes},
  author={Bixon, M and Lifson, S},
  journal={Tetrahedron},
  volume={23},
  number={2},
  pages={769--784},
  year={1967},
  publisher={Elsevier}
}
