@article{boas2007potential,
  title={Potential energy functions for protein design},
  author={Boas, F Edward and Harbury, Pehr B},
  journal={Current opinion in structural biology},
  volume={17},
  number={2},
  pages={199--204},
  year={2007},
  publisher={Elsevier}
}
