@article{braden1996crystal,
  title={Crystal structure of an Fv--Fv idiotope--anti-idiotope complex at 1.9 {\AA} resolution},
  author={Braden, Bradford C and Fields, Barry A and Ysern, Xavier and Dall'Acqua, William and Goldbaum, Fernando A and Poljak, Roberto J and Mariuzza, Roy A},
  journal={Journal of molecular biology},
  volume={264},
  number={1},
  pages={137--151},
  year={1996},
  publisher={Elsevier}
}
