@article{browne1969possible,
  title={A possible three-dimensional structure of bovine $\alpha$-lactalbumin based on that of hen's egg-white lysozyme},
  author={Browne, W J\_ and North, ACT and Phillips, DC and Brew, Keith and Vanaman, Thomas C and Hill, Robert L},
  journal={Journal of Molecular Biology},
  volume={42},
  number={1},
  pages={65--86},
  year={1969},
  publisher={Elsevier}
}
