@article{bruccoleri1985chain,
  title={Chain closure with bond angle variations},
  author={Bruccoleri, Robert E and Karplus, Martin},
  journal={Macromolecules},
  volume={18},
  number={12},
  pages={2767--2773},
  year={1985},
  publisher={ACS Publications}
}
