@article{bryngelson1995funnels,
  title={Funnels, pathways, and the energy landscape of protein folding: a synthesis},
  author={Bryngelson, Joseph D and Onuchic, Jose Nelson and Socci, Nicholas D and Wolynes, Peter G},
  journal={Proteins: Structure, Function, and Bioinformatics},
  volume={21},
  number={3},
  pages={167--195},
  year={1995},
  publisher={Wiley Online Library}
}
