@article{bryngelson1987spin,
  title={Spin glasses and the statistical mechanics of protein folding},
  author={Bryngelson, Joseph D and Wolynes, Peter G},
  journal={Proceedings of the National Academy of Sciences},
  volume={84},
  number={21},
  pages={7524--7528},
  year={1987},
  publisher={National Acad Sciences}
}
