@article{buckle1994protein,
  title={Protein-protein recognition: Crystal structural analysis of a barnase-barstar complex at 2.0-. ang. resolution},
  author={Buckle, Ashley M and Schreiber, Gideon and Fersht, Alan R},
  journal={Biochemistry},
  volume={33},
  number={30},
  pages={8878--8889},
  year={1994},
  publisher={ACS Publications}
}
