@article{canutescu2003cyclic,
  title={Cyclic coordinate descent: A robotics algorithm for protein loop closure},
  author={Canutescu, Adrian A and Dunbrack, Roland L},
  journal={Protein Science},
  volume={12},
  number={5},
  pages={963--972},
  year={2003},
  publisher={Wiley Online Library}
}
