@article{chen19924,
  title={4-Oxalocrotonate tautomerase, an enzyme composed of 62 amino acid residues per monomer.},
  author={Chen, Lorenzo H and Kenyon, GL and Curtin, F and Harayama, S and Bembenek, ME and Hajipour, GHOLAMHOSSEIN and Whitman, CP},
  journal={Journal of Biological Chemistry},
  volume={267},
  number={25},
  pages={17716--17721},
  year={1992},
  publisher={ASBMB}
}
