@article{chen1997oxidative,
  title={Oxidative N-dealkylation of p-cyclopropyl-N, N-dimethylaniline. A substituent effect on a radical-clock reaction rationalized by ab initio calculations on radical cation intermediates},
  author={Chen, Hao and de Groot, Marcel J and Vermeulen, Nico PE and Hanzlik, Robert P},
  journal={The Journal of Organic Chemistry},
  volume={62},
  number={23},
  pages={8227--8230},
  year={1997},
  publisher={ACS Publications}
}
