@article{chen1998oxidation,
  title={Oxidation of acetaminophen to its toxic quinone imine and nontoxic catechol metabolites by baculovirus-expressed and purified human cytochromes P450 2E1 and 2A6},
  author={Chen, Weiqiao and Koenigs, Luke L and Thompson, Stella J and Peter, Raimund M and Rettie, Allan E and Trager, William F and Nelson, Sidney D},
  journal={Chemical research in toxicology},
  volume={11},
  number={4},
  pages={295--301},
  year={1998},
  publisher={ACS Publications}
}
