@article{choi2011predicting,
  title={Predicting antibody complementarity determining region structures without classification},
  author={Choi, Yoonjoo and Deane, Charlotte M},
  journal={Molecular Biosystems},
  volume={7},
  number={12},
  pages={3327--3334},
  year={2011},
  publisher={Royal Society of Chemistry}
}
