@article{chothia1975principles,
  title={Principles of protein-protein recognition},
  author={Chothia, Cyrus and Janin, Jo{\"e}l},
  journal={Nature},
  volume={256},
  number={5520},
  pages={705--708},
  year={1975}
}
