@article{chothia1976nature,
  title={The nature of the accessible and buried surfaces in proteins},
  author={Chothia, Cyrus},
  journal={Journal of molecular biology},
  volume={105},
  number={1},
  pages={1--12},
  year={1976},
  publisher={Elsevier}
}
