@article{chow1964optimal,
  title={Optimal selection based on relative rank (the “secretary problem”)},
  author={Chow, YS and Moriguti, S and Robbins, Herbert and Samuels, SM},
  journal={Israel Journal of Mathematics},
  volume={2},
  number={2},
  pages={81--90},
  year={1964},
  publisher={Springer}
}
