@article{chu2003super,
  title={A super-linear minimization scheme for the nudged elastic band method},
  author={Chu, Jhih-Wei and Trout, Bernhardt L and Brooks, Bernard R},
  journal={The Journal of chemical physics},
  volume={119},
  pages={12708},
  year={2003}
}
