@article{hann2004pursuing,
  title={Pursuing the leadlikeness concept in pharmaceutical research},
  author={Hann, Mike M and Oprea, Tudor I},
  journal={Current opinion in chemical biology},
  volume={8},
  number={3},
  pages={255--263},
  year={2004},
  publisher={Elsevier}
}

@article{agresti2010ultrahigh,
  title={Ultrahigh-throughput screening in drop-based microfluidics for directed evolution},
  author={Agresti, Jeremy J and Antipov, Eugene and Abate, Adam R and Ahn, Keunho and Rowat, Amy C and Baret, Jean-Christophe and Marquez, Manuel and Klibanov, Alexander M and Griffiths, Andrew D and Weitz, David A},
  journal={Proceedings of the National Academy of Sciences},
  volume={107},
  number={9},
  pages={4004--4009},
  year={2010},
  publisher={National Acad Sciences}
}

@online{htsrc,
author = {HTSRC},
title  = {The Rockefeller University Â» High-Throughput Screening Resource Center},
date   = {2013-07},
url    = {http://www.rockefeller.edu/htsrc/},
year   = {2004},
howpublished = "\url{http://www.rockefeller.edu/htsrc/}"
}

@online{mssr,
author = {MSSR},
title  = {Molecular Screening Shared Resource (MSSR)},
date   = {2013-07},
url    = {http://www.mssr.ucla.edu/},
year   = {2006},
howpublished = "\url{http://www.mssr.ucla.edu/}"
}

@article{irwin2005zinc,
  title={ZINC-a free database of commercially available compounds for virtual screening},
  author={Irwin, John J and Shoichet, Brian K},
  journal={Journal of chemical information and modeling},
  volume={45},
  number={1},
  pages={177--182},
  year={2005},
  publisher={ACS Publications}
}


@article{bleicher2003hit,
  title={Hit and lead generation: beyond high-throughput screening},
  author={Bleicher, Konrad H and B{\"o}hm, Hans-Joachim and M{\"u}ller, Klaus and Alanine, Alexander I},
  journal={Nature Reviews Drug Discovery},
  volume={2},
  number={5},
  pages={369--378},
  year={2003},
  publisher={Nature Publishing Group}
}

@article{hopkins2002druggable,
  title={The druggable genome},
  author={Hopkins, Andrew L and Groom, Colin R},
  journal={Nature reviews Drug discovery},
  volume={1},
  number={9},
  pages={727--730},
  year={2002},
  publisher={Nature Publishing Group}
}

@article{rule_of_five,
  title={Experimental and computational approaches to estimate solubility and permeability in drug discovery and development settings},
  author={Lipinski, Christopher A and Lombardo, Franco and Dominy, Beryl W and Feeney, Paul J},
  journal={Advanced drug delivery reviews},
  volume={23},
  number={1},
  pages={3--25},
  year={1997},
  publisher={Elsevier}
}


@article{kitchen2004docking,
  title={Docking and scoring in virtual screening for drug discovery: methods and applications},
  author={Kitchen, Douglas B and Decornez, H{\'e}l{\`e}ne and Furr, John R and Bajorath, J{\"u}rgen},
  journal={Nature reviews Drug discovery},
  volume={3},
  number={11},
  pages={935--949},
  year={2004},
  publisher={Nature Publishing Group}
}

@article{shoichet2004virtual,
  title={Virtual screening of chemical libraries},
  author={Shoichet, Brian K},
  journal={Nature},
  volume={432},
  number={7019},
  pages={862--865},
  year={2004},
  publisher={Nature Publishing Group}
}

@article{inokuma2013x,
  title={X-ray analysis on the nanogram to microgram scale using porous complexes},
  author={Inokuma, Yasuhide and Yoshioka, Shota and Ariyoshi, Junko and Arai, Tatsuhiko and Hitora, Yuki and Takada, Kentaro and Matsunaga, Shigeki and Rissanen, Kari and Fujita, Makoto},
  journal={Nature},
  volume={495},
  number={7442},
  pages={461--466},
  year={2013},
  publisher={Nature Publishing Group}
}

@article{kuntz1982geometric,
  title={A geometric approach to macromolecule-ligand interactions},
  author={Kuntz, Irwin D and Blaney, Jeffrey M and Oatley, Stuart J and Langridge, Robert and Ferrin, Thomas E},
  journal={Journal of molecular biology},
  volume={161},
  number={2},
  pages={269--288},
  year={1982},
  publisher={Elsevier}
}

@article{proudfoot2002drugs,
  title={Drugs, leads, and drug-likeness: an analysis of some recently launched drugs},
  author={Proudfoot, John R},
  journal={Bioorganic \& medicinal chemistry letters},
  volume={12},
  number={12},
  pages={1647--1650},
  year={2002},
  publisher={Elsevier}
}

