@article{connolly1983analytical,
  title={Analytical molecular surface calculation},
  author={Connolly, Michael L},
  journal={Journal of Applied Crystallography},
  volume={16},
  number={5},
  pages={548--558},
  year={1983},
  publisher={International Union of Crystallography}
}
