@article{corsino2009novel,
  title={A novel class of cyclin-dependent kinase inhibitors identified by molecular docking act through a unique mechanism},
  author={Corsino, Patrick and Horenstein, Nicole and Ostrov, David and Rowe, Thomas and Law, Mary and Barrett, Amanda and Aslanidi, George and Cress, W Douglas and Law, Brian},
  journal={Journal of Biological Chemistry},
  volume={284},
  number={43},
  pages={29945--29955},
  year={2009},
  publisher={ASBMB}
}
