@incollection{cortes2005sampling,
  title={Sampling-based motion planning under kinematic loop-closure constraints},
  author={Cort{\'e}s, Juan and Sim{\'e}on, Thierry},
  booktitle={Algorithmic Foundations of Robotics VI},
  pages={75--90},
  year={2005},
  publisher={Springer}
}
