@article{cruciani2005metasite,
  title={MetaSite: understanding metabolism in human cytochromes from the perspective of the chemist},
  author={Cruciani, Gabriele and Carosati, Emanuele and De Boeck, Benoit and Ethirajulu, Kantharaj and Mackie, Claire and Howe, Trevor and Vianello, Riccardo},
  journal={Journal of medicinal chemistry},
  volume={48},
  number={22},
  pages={6970--6979},
  year={2005},
  publisher={ACS Publications}
}
