@article{cunningham1989high,
  title={High-resolution epitope mapping of hGH-receptor interactions by alanine-scanning mutagenesis},
  author={Cunningham, Brian C and Wells, James A},
  journal={Science},
  volume={244},
  number={4908},
  pages={1081--1085},
  year={1989},
  publisher={American Association for the Advancement of Science}
}
