@article{de2002factors,
  title={What factors affect the regioselectivity of oxidation by cytochrome P450? A DFT study of allylic hydroxylation and double bond epoxidation in a model reaction},
  author={de Visser, Sam P and Ogliaro, Fran{\c{c}}ois and Sharma, Pankaz K and Shaik, Sason},
  journal={Journal of the American Chemical Society},
  volume={124},
  number={39},
  pages={11809--11826},
  year={2002},
  publisher={ACS Publications}
}
