@article{deane2000novel,
  title={A novel exhaustive search algorithm for predicting the conformation of polypeptide segments in proteins},
  author={Deane, Charlotte M and Blundell, Tom L},
  journal={Proteins: Structure, Function, and Bioinformatics},
  volume={40},
  number={1},
  pages={135--144},
  year={2000},
  publisher={Wiley Online Library}
}
