@article{dembo1983truncated,
  title={Truncated-newtono algorithms for large-scale unconstrained optimization},
  author={Dembo, Ron S and Steihaug, Trond},
  journal={Mathematical Programming},
  volume={26},
  number={2},
  pages={190--212},
  year={1983},
  publisher={Springer}
}
