@article{ekins2000progress,
  title={Progress in predicting human ADME parameters in silico},
  author={Ekins, Sean and Waller, Chris L and Swaan, Peter W and Cruciani, Gabriele and Wrighton, Steven A and Wikel, James H},
  journal={Journal of pharmacological and toxicological methods},
  volume={44},
  number={1},
  pages={251--272},
  year={2000},
  publisher={Elsevier}
}
