@ONLINE{evans2013technical,
author = {Jon Evans},
title = {Technical Debt Will Kill You Dead (If You Let It)},
month = February,
year = {2013},
url = {http://techcrunch.com/2013/02/09/technical-debt-will-kill-you/},
howpublished = "\url{http://techcrunch.com/2013/02/09/technical-debt-will-kill-you/}"
}
