@article{feifel1993role,
  title={Role of cytochrome P4502D6 in the metabolism of brofaromine},
  author={Feifel, N and Kucher, K and Fuchs, L and Jedrychowski, M and Schmidt, E and Antonin, K-H and Bieck, PR and Gleiter, CH},
  journal={European journal of clinical pharmacology},
  volume={45},
  number={3},
  pages={265--269},
  year={1993},
  publisher={Springer}
}
