@article{feig2004performance,
  title={Performance comparison of generalized born and Poisson methods in the calculation of electrostatic solvation energies for protein structures},
  author={Feig, Michael and Onufriev, Alexey and Lee, Michael S and Im, Wonpil and Case, David A and Brooks, Charles L},
  journal={Journal of computational chemistry},
  volume={25},
  number={2},
  pages={265--284},
  year={2004},
  publisher={Wiley Online Library}
}
