@article{fidelis1994comparison,
  title={Comparison of systematic search and database methods for constructing segments of protein structure},
  author={Fidelis, Krzysztof and Stern, Peter S and Bacon, David and Moult, John},
  journal={Protein Engineering},
  volume={7},
  number={8},
  pages={953--960},
  year={1994},
  publisher={Oxford Univ Press}
}
