@article{figueirido1997large,
  title={Large scale simulation of macromolecules in solution: Combining the periodic fast multipole method with multiple time step integrators},
  author={Figueirido, Francisco and Levy, Ronald M and Zhou, Ruhong and Berne, BJ},
  journal={The Journal of chemical physics},
  volume={106},
  pages={9835},
  year={1997}
}
