@article{fine1986predicting,
  title={Predicting antibody hypervariable loop conformations II: Minimization and molecular dynamics studies of MCPC603 from many randomly generated loop conformations},
  author={Fine, RM and Wang, H and Shenkin, PS and Yarmush, DL and Levinthal, C},
  journal={Proteins: Structure, Function, and Bioinformatics},
  volume={1},
  number={4},
  pages={342--362},
  year={1986},
  publisher={Wiley Online Library}
}
