@article{fiser2000modeling,
  title={Modeling of loops in protein structures},
  author={Fiser, Andr{\'a}s and Do, Richard Kinh Gian and {\v{S}}ali, Andrej},
  journal={Protein science},
  volume={9},
  number={9},
  pages={1753--1773},
  year={2000},
  publisher={Wiley Online Library}
}
