@article{freeman1983secretary,
  title={The secretary problem and its extensions: A review},
  author={Freeman, PR},
  journal={International Statistical Review/Revue Internationale de Statistique},
  pages={189--206},
  year={1983},
  publisher={JSTOR}
}
