@article{friesner2004glide,
  title={Glide: a new approach for rapid, accurate docking and scoring. 1. Method and assessment of docking accuracy},
  author={Friesner, Richard A and Banks, Jay L and Murphy, Robert B and Halgren, Thomas A and Klicic, Jasna J and Mainz, Daniel T and Repasky, Matthew P and Knoll, Eric H and Shelley, Mee and Perry, Jason K and others},
  journal={Journal of medicinal chemistry},
  volume={47},
  number={7},
  pages={1739--1749},
  year={2004},
  publisher={ACS Publications}
}
