@article{gallicchio2002sgb,
  title={The SGB/NP hydration free energy model based on the surface generalized born solvent reaction field and novel nonpolar hydration free energy estimators},
  author={Gallicchio, Emilio and Zhang, Linda Yu and Levy, Ronald M},
  journal={Journal of computational chemistry},
  volume={23},
  number={5},
  pages={517--529},
  year={2002},
  publisher={Wiley Online Library}
}
