
@article{gallicchio2004agbnp,
  title={AGBNP: An analytic implicit solvent model suitable for molecular dynamics simulations and high-resolution modeling},
  author={Gallicchio, Emilio and Levy, Ronald M},
  journal={Journal of computational chemistry},
  volume={25},
  number={4},
  pages={479--499},
  year={2004},
  publisher={Wiley Online Library}
}
