@article{geertsen1995metabolism,
  title={Metabolism of methoxyphenamine and 2-methoxyamphetamine in P4502D6-transfected cells and cell preparations},
  author={Geertsen, S and Foster, BC and Wilson, DL and Cyr, TD and Casley, W},
  journal={Xenobiotica},
  volume={25},
  number={9},
  pages={895--906},
  year={1995},
  publisher={Informa UK Ltd UK}
}
