@article{geppert2010current,
  title={Current trends in ligand-based virtual screening: molecular representations, data mining methods, new application areas, and performance evaluation},
  author={Geppert, Hanna and Vogt, Martin and Bajorath, JuÌˆrgen},
  journal={Journal of chemical information and modeling},
  volume={50},
  number={2},
  pages={205--216},
  year={2010},
  publisher={ACS Publications}
}
