@article{ghosh1998generalized,
  title={Generalized Born model based on a surface integral formulation},
  author={Ghosh, Avijit and Rapp, Chaya Sendrovic and Friesner, Richard A},
  journal={The Journal of Physical Chemistry B},
  volume={102},
  number={52},
  pages={10983--10990},
  year={1998},
  publisher={ACS Publications}
}
