@article{go1970ring,
  title={Ring closure and local conformational deformations of chain molecules},
  author={Go, Nobuhiro and Scheraga, Harold A},
  journal={Macromolecules},
  volume={3},
  number={2},
  pages={178--187},
  year={1970},
  publisher={ACS Publications}
}
