@article{gohlke2002approaches,
  title={Approaches to the description and prediction of the binding affinity of small-molecule ligands to macromolecular receptors},
  author={Gohlke, Holger and Klebe, Gerhard},
  journal={Angewandte Chemie International Edition},
  volume={41},
  number={15},
  pages={2644--2676},
  year={2002},
  publisher={Wiley Online Library}
}
