@article{goldfeld2011successful,
  title={Successful prediction of the intra-and extracellular loops of four G-protein-coupled receptors},
  author={Goldfeld, Dahlia A and Zhu, Kai and Beuming, Thijs and Friesner, Richard A},
  journal={Proceedings of the National Academy of Sciences},
  volume={108},
  number={20},
  pages={8275--8280},
  year={2011},
  publisher={National Acad Sciences}
}
