
@article{goldfeld2013loop,
  title={Loop prediction for a GPCR homology model: Algorithms and results},
  author={Goldfeld, Dahlia A and Zhu, Kai and Beuming, Thijs and Friesner, Richard A},
  journal={Proteins: Structure, Function, and Bioinformatics},
  volume={81},
  number={2},
  pages={214--228},
  year={2013},
  publisher={Wiley Online Library}
}

