@article{gonzalez2005role,
  title={Role of cytochromes P450 in chemical toxicity and oxidative stress: studies with CYP2E1},
  author={Gonzalez, Frank J},
  journal={Mutation Research/Fundamental and Molecular Mechanisms of Mutagenesis},
  volume={569},
  number={1},
  pages={101--110},
  year={2005},
  publisher={Elsevier}
}
