@article{graham1982gprof,
  title={Gprof: A call graph execution profiler},
  author={Graham, Susan L and Kessler, Peter B and Mckusick, Marshall K},
  journal={ACM Sigplan Notices},
  volume={17},
  number={6},
  pages={120--126},
  year={1982},
  publisher={ACM}
}
