@article{gram1992vitro,
  title={In vitro selection and affinity maturation of antibodies from a naive combinatorial immunoglobulin library.},
  author={Gram, Hermann and Marconi, Lori-Anne and Barbas, Carlos F and Collet, Thomas A and Lerner, Richard A and Kang, Angray S and others},
  journal={Proceedings of the National Academy of Sciences},
  volume={89},
  number={8},
  pages={3576--3580},
  year={1992},
  publisher={National Acad Sciences}
}
