@article{greenidge2012mm,
  title={MM/GBSA Binding Energy Prediction on the PDBbind Data Set: Successes, Failures, and Directions for Further Improvement},
  author={Greenidge, Paulette A and Kramer, Christian and Mozziconacci, Jean-Christophe and Wolf, Romain M},
  journal={Journal of chemical information and modeling},
  volume={53},
  number={1},
  pages={201--209},
  year={2012},
  publisher={ACS Publications}
}
