@article{greer1994application,
  title={Application of the three-dimensional structures of protein target molecules in structure-based drug design},
  author={Greer, Jonathan and Erickson, John W and Baldwin, John J and Varney, Michael D},
  journal={Journal of medicinal chemistry},
  volume={37},
  number={8},
  pages={1035--1054},
  year={1994},
  publisher={ACS Publications}
}
