@article{griffiths1984somatic,
  title={Somatic mutation and the maturation of immune response to 2-phenyl oxazolone},
  author={Griffiths, Gillian M and Berek, Claudia and Kaartinen, Matti and Milstein, Cesar},
  year={1984},
  publisher={Nature Publishing Group}
}
