@article{guengerich2007cytochrome,
  title={Cytochrome p450 and chemical toxicology},
  author={Guengerich, F Peter},
  journal={Chemical research in toxicology},
  volume={21},
  number={1},
  pages={70--83},
  year={2007},
  publisher={ACS Publications}
}
