@article{guenot1992molecular,
  title={Molecular dynamics studies of a DNA-binding protein: 2. An evaluation of implicit and explicit solvent models for the molecular dynamics simulation of the Escherichia coli trp repressor},
  author={Guenot, Jeanmarie and Kollman, Peter A},
  journal={Protein Science},
  volume={1},
  number={9},
  pages={1185--1205},
  year={1992},
  publisher={Wiley Online Library}
}
