@article{guengerich2001common,
  title={Common and uncommon cytochrome P450 reactions related to metabolism and chemical toxicity},
  author={Guengerich, F Peter},
  journal={Chemical research in toxicology},
  volume={14},
  number={6},
  pages={611--650},
  year={2001},
  publisher={ACS Publications}
}
