@article{guerois2002predicting,
  title={Predicting changes in the stability of proteins and protein complexes: a study of more than 1000 mutations},
  author={Guerois, Raphael and Nielsen, Jens Erik and Serrano, Luis},
  journal={Journal of molecular biology},
  volume={320},
  number={2},
  pages={369--387},
  year={2002},
  publisher={Elsevier}
}
