@article{halgren2004glide,
  title={Glide: a new approach for rapid, accurate docking and scoring. 2. Enrichment factors in database screening},
  author={Halgren, Thomas A and Murphy, Robert B and Friesner, Richard A and Beard, Hege S and Frye, Leah L and Pollard, W Thomas and Banks, Jay L},
  journal={Journal of medicinal chemistry},
  volume={47},
  number={7},
  pages={1750--1759},
  year={2004},
  publisher={ACS Publications}
}
