@article{hao2010computational,
  title={Computational mutation scanning and drug resistance mechanisms of HIV-1 protease inhibitors},
  author={Hao, Ge-Fei and Yang, Guang-Fu and Zhan, Chang-Guo},
  journal={The Journal of Physical Chemistry B},
  volume={114},
  number={29},
  pages={9663--9676},
  year={2010},
  publisher={ACS Publications}
}
