@article{harris2008cuda,
  title={Cuda fluid simulation in nvidia physx},
  author={Harris, Mark},
  journal={Siggraph Asia},
  pages={77--84},
  year={2008}
}

