@article{hartley1988barnase,
  title={Barnase and barstar: expression of its cloned inhibitor permits expression of a cloned ribonuclease},
  author={Hartley, Robert W},
  journal={Journal of molecular biology},
  volume={202},
  number={4},
  pages={913--915},
  year={1988},
  publisher={Elsevier}
}
