@article{hartley1989barnase,
  title={Barnase and barstar: two small proteins to fold and fit together},
  author={Hartley, Robert W},
  journal={Trends in Biochemical Sciences},
  volume={14},
  number={11},
  pages={450--454},
  year={1989},
  publisher={Elsevier}
}
