@article{hawkins1992selection,
  title={Selection of phage antibodies by binding affinity: mimicking affinity maturation},
  author={Hawkins, Robert E and Russell, Stephen J and Winter, Greg},
  journal={Journal of molecular biology},
  volume={226},
  number={3},
  pages={889--896},
  year={1992},
  publisher={Elsevier}
}
