@article{hetenyi2002multiple,
  title={Multiple “time step” Monte Carlo},
  author={Hetenyi, Balazs and Bernacki, Katarzyna and Berne, BJ},
  journal={The Journal of chemical physics},
  volume={117},
  pages={8203},
  year={2002}
}
