@article{keserHu2006hit,
  title={Hit discovery and hit-to-lead approaches},
  author={Keser{\H{u}}, Gy{\"o}rgy M and Makara, Gergely M},
  journal={Drug discovery today},
  volume={11},
  number={15},
  pages={741--748},
  year={2006},
  publisher={Elsevier}
}

@article{wunberg2006improving,
  title={Improving the hit-to-lead process: data-driven assessment of drug-like and lead-like screening hits},
  author={Wunberg, Tobias and Hendrix, Martin and Hillisch, Alexander and Lobell, Mario and Meier, Heinrich and Schmeck, Carsten and Wild, Hanno and Hinzen, Berthold},
  journal={Drug discovery today},
  volume={11},
  number={3},
  pages={175--180},
  year={2006},
  publisher={Elsevier}
}

@article{pickett2000enhancing,
  title={Enhancing the hit-to-lead properties of lead optimization libraries},
  author={Pickett, Stephen D and McLay, Iain M and Clark, David E},
  journal={Journal of chemical information and computer sciences},
  volume={40},
  number={2},
  pages={263--272},
  year={2000},
  publisher={ACS Publications}
}

@article{baxter2003hit,
  title={Hit-to-Lead studies: The discovery of potent adamantane amide P2X< sub> 7</sub> receptor antagonists},
  author={Baxter, Andrew and Bent, Janice and Bowers, Keith and Braddock, Martin and Brough, Steve and Fagura, Malbinder and Lawson, Mandy and McInally, Tom and Mortimore, Mike and Robertson, Mark and others},
  journal={Bioorganic \& medicinal chemistry letters},
  volume={13},
  number={22},
  pages={4047--4050},
  year={2003},
  publisher={Elsevier}
}

@article{baxter2004hit,
  title={Hit-to-lead studies: the discovery of potent, orally active, thiophenecarboxamide IKK-2 inhibitors},
  author={Baxter, Andrew and Brough, Steve and Cooper, Anne and Floettmann, Eike and Foster, Steve and Harding, Christine and Kettle, Jason and McInally, Tom and Martin, Craig and Mobbs, Michelle and others},
  journal={Bioorganic \& medicinal chemistry letters},
  volume={14},
  number={11},
  pages={2817--2822},
  year={2004},
  publisher={Elsevier}
}

@article{alanine2003lead,
  title={Lead generation-enhancing the success of drug discovery by investing in the hit to lead process},
  author={Alanine, Alexander and Nettekoven, Matthias and Roberts, Edward and Thomas, Andrew W},
  journal={Combinatorial chemistry \& high throughput screening},
  volume={6},
  number={1},
  pages={51--66},
  year={2003},
  publisher={Bentham Science Publishers}
}

@article{baxter2003hit,
  title={Hit-to-lead studies: the discovery of potent, orally bioavailable triazolethiol CXCR2 receptor antagonists},
  author={Baxter, Andrew and Bennion, Colin and Bent, Janice and Boden, Kerry and Brough, Steve and Cooper, Anne and Kinchin, Elizabeth and Kindon, Nicholas and McInally, Tom and Mortimore, Mike and others},
  journal={Bioorganic \& medicinal chemistry letters},
  volume={13},
  number={16},
  pages={2625--2628},
  year={2003},
  publisher={Elsevier}
}

@article{snow2007hit,
  title={Hit-to-lead studies on benzimidazole inhibitors of ITK: discovery of a novel class of kinase inhibitors},
  author={Snow, Roger J and Abeywardane, Asitha and Campbell, Scot and Lord, John and Kashem, Mohammed A and Khine, Hnin Hnin and King, Josephine and Kowalski, Jennifer A and Pullen, Steven S and Roma, Teresa and others},
  journal={Bioorganic \& medicinal chemistry letters},
  volume={17},
  number={13},
  pages={3660--3665},
  year={2007},
  publisher={Elsevier}
}

@article{abdulla2009drug,
  title={Drug discovery for schistosomiasis: hit and lead compounds identified in a library of known drugs by medium-throughput phenotypic screening},
  author={Abdulla, Maha-Hamadien and Ruelas, Debbie S and Wolff, Brian and Snedecor, June and Lim, Kee-Chong and Xu, Fengyun and Renslo, Adam R and Williams, Janice and McKerrow, James H and Caffrey, Conor R},
  journal={PLoS neglected tropical diseases},
  volume={3},
  number={7},
  pages={e478},
  year={2009},
  publisher={Public Library of Science}
}

