@article{hop2008high,
  title={High throughput ADME screening: practical considerations, impact on the portfolio and enabler of in silico ADME models},
  author={Hop, Cornelis ECA and Cole, Mark J and Davidson, Ralph E and Duignan, David B and Federico, James and Janiszewski, John S and Jenkins, Kelly and Krueger, Suzanne and Lebowitz, Rebecca and Liston, Theodore E and others},
  journal={Current drug metabolism},
  volume={9},
  number={9},
  pages={847--853},
  year={2008},
  publisher={Bentham Science Publishers}
}
