@article{hopkins2002druggable,
  title={The druggable genome},
  author={Hopkins, Andrew L and Groom, Colin R},
  journal={Nature reviews Drug discovery},
  volume={1},
  number={9},
  pages={727--730},
  year={2002},
  publisher={Nature Publishing Group}
}
