@article{hu2000conservation,
  title={Conservation of polar residues as hot spots at protein interfaces},
  author={Hu, Zengjian and Ma, Buyong and Wolfson, Haim and Nussinov, Ruth},
  journal={Proteins: Structure, Function, and Bioinformatics},
  volume={39},
  number={4},
  pages={331--342},
  year={2000},
  publisher={Wiley Online Library}
}
