@article{humphrey1996vmd,
  title={VMD: visual molecular dynamics},
  author={Humphrey, William and Dalke, Andrew and Schulten, Klaus},
  journal={Journal of molecular graphics},
  volume={14},
  number={1},
  pages={33--38},
  year={1996},
  publisher={Elsevier}
}

