@article{illergaard2009structure,
  title={Structure is three to ten times more conserved than sequenceâ€”a study of structural response in protein cores},
  author={Illerg{\aa}rd, Kristoffer and Ardell, David H and Elofsson, Arne},
  journal={Proteins: Structure, Function, and Bioinformatics},
  volume={77},
  number={3},
  pages={499--508},
  year={2009},
  publisher={Wiley Online Library}
}
