@article{imming2006drugs,
  title={Drugs, their targets and the nature and number of drug targets},
  author={Imming, Peter and Sinning, Christian and Meyer, Achim},
  journal={Nature reviews Drug discovery},
  volume={5},
  number={10},
  pages={821--834},
  year={2006},
  publisher={Nature Publishing Group}
}
