@article{jacobson2002force,
  title={Force field validation using protein side chain prediction},
  author={Jacobson, Matthew P and Kaminski, George A and Friesner, Richard A and Rapp, Chaya S},
  journal={The Journal of Physical Chemistry B},
  volume={106},
  number={44},
  pages={11673--11680},
  year={2002},
  publisher={ACS Publications}
}
