@article{jacobson2004hierarchical,
  title={A hierarchical approach to all-atom protein loop prediction},
  author={Jacobson, Matthew P and Pincus, David L and Rapp, Chaya S and Day, Tyler JF and Honig, Barry and Shaw, David E and Friesner, Richard A},
  journal={Proteins: Structure, Function, and Bioinformatics},
  volume={55},
  number={2},
  pages={351--367},
  year={2004},
  publisher={Wiley Online Library}
}
