
@article{jacobson2002role,
  title={On the role of the crystal environment in determining protein side-chain conformations},
  author={Jacobson, Matthew P and Friesner, Richard A and Xiang, Zhexin and Honig, Barry},
  journal={Journal of molecular biology},
  volume={320},
  number={3},
  pages={597--608},
  year={2002},
  publisher={Elsevier}
}
