@article{janin1978conformation,
  title={Conformation of amino acid side-chains in proteins},
  author={Janin, Joel and Wodak, Shoshanna and Levitt, Michael and Maigret, Bernard},
  journal={Journal of molecular biology},
  volume={125},
  number={3},
  pages={357--386},
  year={1978},
  publisher={Elsevier}
}
