@article{jones1999protein,
  title={Protein-DNA interactions: a structural analysis},
  author={Jones, Susan and van Heyningen, Paul and Berman, Helen M and Thornton, Janet M},
  journal={Journal of molecular biology},
  volume={287},
  number={5},
  pages={877--896},
  year={1999},
  publisher={Elsevier}
}
