@article{jorgensen2009efficient,
  title={Efficient drug lead discovery and optimization},
  author={Jorgensen, William L},
  journal={Accounts of chemical research},
  volume={42},
  number={6},
  pages={724--733},
  year={2009},
  publisher={ACS Publications}
}
