@article{jorgensen1988opls,
  title={The OPLS [optimized potentials for liquid simulations] potential functions for proteins, energy minimizations for crystals of cyclic peptides and crambin},
  author={Jorgensen, William L and Tirado-Rives, Julian},
  journal={Journal of the American Chemical Society},
  volume={110},
  number={6},
  pages={1657--1666},
  year={1988},
  publisher={ACS Publications}
}
