@article{jorgensen2006computer,
  title={Computer-aided design of non-nucleoside inhibitors of HIV-1 reverse transcriptase},
  author={Jorgensen, William L and Ruiz-Caro, Juliana and Tirado-Rives, Julian and Basavapathruni, Aravind and Anderson, Karen S and Hamilton, Andrew D},
  journal={Bioorganic \& medicinal chemistry letters},
  volume={16},
  number={3},
  pages={663--667},
  year={2006},
  publisher={Elsevier}
}
