@article{jorgensen2004many,
  title={The many roles of computation in drug discovery},
  author={Jorgensen, William L},
  journal={Science},
  volume={303},
  number={5665},
  pages={1813--1818},
  year={2004},
  publisher={American Association for the Advancement of Science}
}
