@article{jorgensen1996development,
  title={Development and testing of the OPLS all-atom force field on conformational energetics and properties of organic liquids},
  author={Jorgensen, William L and Maxwell, David S and Tirado-Rives, Julian},
  journal={Journal of the American Chemical Society},
  volume={118},
  number={45},
  pages={11225--11236},
  year={1996},
  publisher={ACS Publications}
}
