@article{kaldor1997viracept,
  title={Viracept (nelfinavir mesylate, AG1343): a potent, orally bioavailable inhibitor of HIV-1 protease},
  author={Kaldor, Stephen W and Kalish, Vincent J and Davies, Jay F and Shetty, Bhasker V and Fritz, James E and Appelt, Krzysztof and Burgess, Jeffrey A and Campanale, Kristina M and Chirgadze, Nickolay Y and Clawson, David K and others},
  journal={Journal of medicinal chemistry},
  volume={40},
  number={24},
  pages={3979--3985},
  year={1997},
  publisher={ACS Publications}
}
