@article{kaminski1994free,
  title={Free energies of hydration and pure liquid properties of hydrocarbons from the OPLS all-atom model},
  author={Kaminski, George and Duffy, Erin M and Matsui, Tooru and Jorgensen, William L},
  journal={The Journal of Physical Chemistry},
  volume={98},
  number={49},
  pages={13077--13082},
  year={1994},
  publisher={ACS Publications}
}
