@book{kerns2008drug,
  title={Drug-like properties: concepts, structure design and methods: from ADME to toxicity optimization},
  author={Kerns, Edward and Di, Li},
  year={2008},
  publisher={Academic Press}
}
