@article{king2012extreme,
  title={Extreme Entropy--Enthalpy Compensation in a Drug-Resistant Variant of HIV-1 Protease},
  author={King, Nancy M and Prabu-Jeyabalan, Moses and Bandaranayake, Rajintha M and Nalam, Madhavi NL and Nalivaika, Ellen A and Özen, Ayşegül and Haliloǧlu, Türkan and Y{\i}lmaz, Neşe Kurt and Schiffer, Celia A},
  journal={ACS chemical biology},
  volume={7},
  number={9},
  pages={1536--1546},
  year={2012},
  publisher={ACS Publications}
}
