@article{kirkpatrick1983optimization,
  title={Optimization by simmulated annealing},
  author={Kirkpatrick, Scott and Jr., D. Gelatt and Vecchi, Mario P},
  journal={science},
  volume={220},
  number={4598},
  pages={671--680},
  year={1983},
  publisher={Washington}
}
