@article{kivisto1995role,
  title={The role of human cytochrome P450 enzymes in the metabolism of anticancer agents: implications for drug interactions.},
  author={Kivisto, Kari T and Kroemer, Heyo K and Eichelbaum, Michel},
  journal={British journal of clinical pharmacology},
  volume={40},
  number={6},
  pages={523--530},
  year={1995},
  publisher={Wiley Online Library}
}
