@article{klapper1977independent,
  title={The independent distribution of amino acid near neighbor pairs into polypeptides},
  author={Klapper, Michael H},
  journal={Biochemical and biophysical research communications},
  volume={78},
  number={3},
  pages={1018--1024},
  year={1977},
  publisher={Elsevier}
}
