@article{kolodny2005inverse,
  title={Inverse kinematics in biology: the protein loop closure problem},
  author={Kolodny, Rachel and Guibas, Leonidas and Levitt, Michael and Koehl, Patrice},
  journal={The International Journal of Robotics Research},
  volume={24},
  number={2-3},
  pages={151--163},
  year={2005},
  publisher={SAGE Publications}
}
