@article{kortemme2004computational,
  title={Computational alanine scanning of protein-protein interfaces},
  author={Kortemme, Tanja and Kim, David E and Baker, David},
  journal={Science Signaling},
  volume={2004},
  number={219},
  pages={pl2},
  year={2004},
  publisher={AAAS}
}
