@article{kortemme2002simple,
  title={A simple physical model for binding energy hot spots in protein--protein complexes},
  author={Kortemme, Tanja and Baker, David},
  journal={Proceedings of the National Academy of Sciences},
  volume={99},
  number={22},
  pages={14116--14121},
  year={2002},
  publisher={National Acad Sciences}
}
