@techreport{koutsofios1991drawing,
  title={Drawing graphs with dot},
  author={Koutsofios, Eleftherios and North, Stephen and others},
  year={1991},
  institution={Technical Report 910904-59113-08TM, AT\&T Bell Laboratories, Murray Hill, NJ}
}
