@article{kuroda2012computer,
  title={Computer-aided antibody design},
  author={Kuroda, Daisuke and Shirai, Hiroki and Jacobson, Matthew P and Nakamura, Haruki},
  journal={Protein Engineering Design and Selection},
  volume={25},
  number={10},
  pages={507--522},
  year={2012},
  publisher={Oxford Univ Press}
}
