@article{lazaridis1999effective,
  title={Effective energy function for proteins in solution},
  author={Lazaridis, Themis and Karplus, Martin},
  journal={Proteins: Structure, Function, and Bioinformatics},
  volume={35},
  number={2},
  pages={133--152},
  year={1999},
  publisher={Wiley Online Library}
}
