@article{lee1999energy,
  title={Energy-based de novo protein folding by conformational space annealing and an off-lattice united-residue force field: Application to the 10-55 fragment of staphylococcal protein A and to apo calbindin D9K},
  author={Lee, Jooyoung and Liwo, Adam and Scheraga, Harold A},
  journal={Proceedings of the National Academy of Sciences},
  volume={96},
  number={5},
  pages={2025--2030},
  year={1999},
  publisher={National Acad Sciences}
}
