@article{leopold1992protein,
  title={Protein folding funnels: a kinetic approach to the sequence-structure relationship.},
  author={Leopold, Peter E and Montal, Mauricio and Onuchic, Jos{\'e} N},
  journal={Proceedings of the National Academy of Sciences},
  volume={89},
  number={18},
  pages={8721--8725},
  year={1992},
  publisher={National Acad Sciences}
}
