@inproceedings{leung1989insights,
  title={Insights into regression testing [software testing]},
  author={Leung, Hareton KN and White, Lee},
  booktitle={Software Maintenance, 1989., Proceedings., Conference on},
  pages={60--69},
  year={1989},
  organization={IEEE}
}
