@book{levinthal1966molecular,
  title={Molecular model-building by computer},
  author={Levinthal, Cyrus},
  year={1966},
  publisher={WH Freeman and Company}
}
