@article{levitt1969refinement,
  title={Refinement of protein conformations using a macromolecular energy minimization procedure},
  author={Levitt, Michael and Lifson, Shneior},
  journal={Journal of molecular biology},
  volume={46},
  number={2},
  pages={269--279},
  year={1969},
  publisher={Elsevier}
}
