@article{li1987monte,
  title={Monte Carlo-minimization approach to the multiple-minima problem in protein folding},
  author={Li, Zhenqin and Scheraga, Harold A},
  journal={Proceedings of the National Academy of Sciences},
  volume={84},
  number={19},
  pages={6611--6615},
  year={1987},
  publisher={National Acad Sciences}
}
