@article{li2004structural,
  title={Structural and functional divergence of insect CYP6B proteins: From specialist to generalist cytochrome P450},
  author={Li, Xianchun and Baudry, Jerome and Berenbaum, May R and Schuler, Mary A},
  journal={Proceedings of the National Academy of Sciences of the United States of America},
  volume={101},
  number={9},
  pages={2939--2944},
  year={2004},
  publisher={National Acad Sciences}
}
