@article{li2001screening,
  title={Screening for human ADME/Tox drug properties in drug discovery},
  author={Li, Albert P},
  journal={Drug discovery today},
  volume={6},
  number={7},
  pages={357--366},
  year={2001},
  publisher={Elsevier}
}
