
@article{li2007assignment,
  title={Assignment of polar states for protein amino acid residues using an interaction cluster decomposition algorithm and its application to high resolution protein structure modeling},
  author={Li, X. and Jacobson, M.P. and Zhu, K. and Zhao, S. and Friesner, R.A.},
  journal={Proteins: Structure, Function, and Bioinformatics},
  volume={66},
  number={4},
  pages={824--837},
  year={2007},
  publisher={Wiley Online Library}
}
