@article{li2011idsite,
  title={IDSite: an accurate approach to predict P450-mediated drug metabolism},
  author={Li, Jianing and Schneebeli, Severin T and Bylund, Joseph and Farid, Ramy and Friesner, Richard A},
  journal={Journal of chemical theory and computation},
  volume={7},
  number={11},
  pages={3829--3845},
  year={2011},
  publisher={ACS Publications}
}
