@article{li2007caesar,
  title={CAESAR: a new conformer generation algorithm based on recursive buildup and local rotational symmetry consideration},
  author={Li, Jiabo and Ehlers, Tedman and Sutter, Jon and Varma-O'Brien, Shikha and Kirchmair, Johannes},
  journal={Journal of chemical information and modeling},
  volume={47},
  number={5},
  pages={1923--1932},
  year={2007},
  publisher={ACS Publications}
}
