
@article{li2011vsgb,
  title={The VSGB 2.0 model: a next generation energy model for high resolution protein structure modeling},
  author={Li, Jianing and Abel, Robert and Zhu, Kai and Cao, Yixiang and Zhao, Suwen and Friesner, Richard A},
  journal={Proteins: Structure, Function, and Bioinformatics},
  volume={79},
  number={10},
  pages={2794--2812},
  year={2011},
  publisher={Wiley Online Library}
}
