@article{lichtarge1996evolutionary,
  title={An evolutionary trace method defines binding surfaces common to protein families},
  author={Lichtarge, Olivier and Bourne, Henry R and Cohen, Fred E},
  journal={Journal of molecular biology},
  volume={257},
  number={2},
  pages={342--358},
  year={1996},
  publisher={Elsevier}
}
