@article{lill2006prediction,
  title={Prediction of Small-Molecule Binding to Cytochrome P450 3A4: Flexible Docking Combined with Multidimensional QSAR},
  author={Lill, Markus A and Dobler, Max and Vedani, Angelo},
  journal={ChemMedChem},
  volume={1},
  number={1},
  pages={73--81},
  year={2006},
  publisher={Wiley Online Library}
}
