@article{lin2002bridging,
  title={Bridging implicit and explicit solvent approaches for membrane electrostatics},
  author={Lin, Jung-Hsin and Baker, Nathan A and McCammon, J Andrew},
  journal={Biophysical journal},
  volume={83},
  number={3},
  pages={1374--1379},
  year={2002},
  publisher={Elsevier}
}
