@article{linnet1997metabolism,
  title={Metabolism of clozapine by cDNA-expressed human cytochrome P450 enzymes},
  author={Linnet, Kristian and Olesen, Ole V},
  journal={Drug metabolism and disposition},
  volume={25},
  number={12},
  pages={1379--1382},
  year={1997},
  publisher={ASPET}
}
