@article{lipinski2000drug,
  title={Drug-like properties and the causes of poor solubility and poor permeability},
  author={Lipinski, Christopher A},
  journal={Journal of pharmacological and toxicological methods},
  volume={44},
  number={1},
  pages={235--249},
  year={2000},
  publisher={Elsevier}
}
