@article{lipinski2004lead,
  title={Lead-and drug-like compounds: the rule-of-five revolution},
  author={Lipinski, Christopher A},
  journal={Drug Discovery Today: Technologies},
  volume={1},
  number={4},
  pages={337--341},
  year={2004},
  publisher={Elsevier}
}
