@article{lippow2007computational,
  title={Computational design of antibody-affinity improvement beyond in vivo maturation},
  author={Lippow, Shaun M and Wittrup, K Dane and Tidor, Bruce},
  journal={Nature biotechnology},
  volume={25},
  number={10},
  pages={1171--1176},
  year={2007},
  publisher={Nature Publishing Group}
}
