@article{mackerell2002charmm,
  title={CHARMM: The energy function and its parameterization},
  author={MacKerell, Alexander D and Brooks, Bernard and Brooks, Charles L and Nilsson, Lennart and Roux, Benoit and Won, Youngdo and Karplus, Martin},
  journal={Encyclopedia of computational chemistry},
  publisher={Wiley Online Library}
}
