@article{massova1999computational,
  title={Computational alanine scanning to probe protein-protein interactions: a novel approach to evaluate binding free energies},
  author={Massova, Irina and Kollman, Peter A},
  journal={Journal of the American Chemical Society},
  volume={121},
  number={36},
  pages={8133--8143},
  year={1999},
  publisher={ACS Publications}
}
