@article{miller2013prediction,
  title={Prediction of Long Loops with Embedded Secondary Structure Using the Protein Local Optimization Program},
  author={Miller, Edward B and Murrett, Colleen S and Zhu, Kai and Zhao, Suwen and Goldfeld, Dahlia A and Bylund, Joseph H and Friesner, Richard A},
  journal={Journal of Chemical Theory and Computation},
  volume={9},
  number={3},
  pages={1846--1864},
  year={2013},
  publisher={ACS Publications}
}
