@article{moreira2007computational,
  title={Computational alanine scanning mutagenesisâ€”an improved methodological approach},
  author={Moreira, Irina S and Fernandes, Pedro A and Ramos, Maria J},
  journal={Journal of computational chemistry},
  volume={28},
  number={3},
  pages={644--654},
  year={2007},
  publisher={Wiley Online Library}
}
