@article{moult1986algorithm,
  title={An algorithm for determining the conformation of polypeptide segments in proteins by systematic search},
  author={Moult, James and James, MNG},
  journal={Proteins: Structure, Function, and Bioinformatics},
  volume={1},
  number={2},
  pages={146--163},
  year={1986},
  publisher={Wiley Online Library}
}
