@article{nicholls1991rapid,
  title={A rapid finite difference algorithm, utilizing successive over-relaxation to solve the Poisson--Boltzmann equation},
  author={Nicholls, Anthony and Honig, Barry},
  journal={Journal of computational chemistry},
  volume={12},
  number={4},
  pages={435--445},
  year={1991},
  publisher={Wiley Online Library}
}
