% promise of structural biology

@article{greer1994application,
  title={Application of the three-dimensional structures of protein target molecules in structure-based drug design},
  author={Greer, Jonathan and Erickson, John W and Baldwin, John J and Varney, Michael D},
  journal={Journal of medicinal chemistry},
  volume={37},
  number={8},
  pages={1035--1054},
  year={1994},
  publisher={ACS Publications}
}

% other

@article{jacobson2004hierarchical,
  title={A hierarchical approach to all-atom protein loop prediction},
  author={Jacobson, Matthew P and Pincus, David L and Rapp, Chaya S and Day, Tyler JF and Honig, Barry and Shaw, David E and Friesner, Richard A},
  journal={Proteins: Structure, Function, and Bioinformatics},
  volume={55},
  number={2},
  pages={351--367},
  year={2004},
  publisher={Wiley Online Library}
}
