@article{overington2006many,
  title={How many drug targets are there?},
  author={Overington, John P and Al-Lazikani, Bissan and Hopkins, Andrew L},
  journal={Nature reviews Drug discovery},
  volume={5},
  number={12},
  pages={993--996},
  year={2006},
  publisher={Nature Publishing Group}
}
