@article{paine2003residues,
  title={Residues glutamate 216 and aspartate 301 are key determinants of substrate specificity and product regioselectivity in cytochrome P450 2D6},
  author={Paine, Mark JI and McLaughlin, Lesley A and Flanagan, Jack U and Kemp, Carol A and Sutcliffe, Michael J and Roberts, Gordon CK and Wolf, C Roland},
  journal={Journal of Biological Chemistry},
  volume={278},
  number={6},
  pages={4021--4027},
  year={2003},
  publisher={ASBMB}
}
