@article{palmer1991standard,
  title={Standard-geometry chains fitted to X-ray derived structures: Validation of the rigid-geometry approximation. I. Chain closure through a limited search of “loop” conformations},
  author={Palmer, Kathleen A and Scheraga, Harold A},
  journal={Journal of computational chemistry},
  volume={12},
  number={4},
  pages={505--526},
  year={1991},
  publisher={Wiley Online Library}
}
