@article{petrey2003using,
  title={Using multiple structure alignments, fast model building, and energetic analysis in fold recognition and homology modeling},
  author={Petrey, Donald and Xiang, Zhexin and Tang, Christopher L and Xie, Lei and Gimpelev, Marina and Mitros, Therese and Soto, Cinque S and Goldsmith-Fischman, Sharon and Kernytsky, Andrew and Schlessinger, Avner and others},
  journal={Proteins: Structure, Function, and Bioinformatics},
  volume={53},
  number={S6},
  pages={430--435},
  year={2003},
  publisher={Wiley Online Library}
}
