@article{ponder1987efficient,
  title={An efficient newton-like method for molecular mechanics energy minimization of large molecules},
  author={Ponder, Jay W and Richards, Frederic M},
  journal={Journal of Computational Chemistry},
  volume={8},
  number={7},
  pages={1016--1024},
  year={1987},
  publisher={Wiley Online Library}
}
