@article{pons1999energetic,
  title={Energetic analysis of an antigen/antibody interface: Alanine scanning mutagenesis and double mutant cycles on the hyhel-10/lysozyme interaction},
  author={Pons, Jaume and Rajpal, Arvind and Kirsch, Jack F},
  journal={Protein science},
  volume={8},
  number={5},
  pages={958--968},
  year={1999},
  publisher={Wiley Online Library}
}
