@misc{povray,
note={Version 3.6},
year={2004},
title={Persistence of Vision Raytracer},
author={{Persistence of Vision Pty. Ltd.} {POV-Ray 3.6}},
 howpublished = "\url{http://www.povray.org/}",
}
