@article{qiu1997gb,
  title={The GB/SA continuum model for solvation. A fast analytical method for the calculation of approximate Born radii},
  author={Qiu, Di and Shenkin, Peter S and Hollinger, Frank P and Still, W Clark},
  journal={The Journal of Physical Chemistry A},
  volume={101},
  number={16},
  pages={3005--3014},
  year={1997},
  publisher={ACS Publications}
}
