@article{rakhmanov1994minimal,
  title={Minimal discrete energy on the sphere},
  author={Rakhmanov, EA and Saff, EB and Zhou, YM},
  journal={Math. Res. Lett},
  volume={1},
  number={6},
  pages={647--662},
  year={1994}
}
