@article{rapp1999prediction,
  title={Prediction of loop geometries using a generalized born model of solvation effects},
  author={Rapp, Chaya Sendrovic and Friesner, Richard A},
  journal={Proteins: Structure, Function, and Bioinformatics},
  volume={35},
  number={2},
  pages={173--183},
  year={1999},
  publisher={Wiley Online Library}
}
