@article{richards1977areas,
author = {Richards, F M},
title = {Areas, Volumes, Packing, and Protein Structure},
journal = {Annual Review of Biophysics and Bioengineering},
volume = {6},
number = {1},
pages = {151-176},
year = {1977},
doi = {10.1146/annurev.bb.06.060177.001055},
note ={PMID: 326146},
URL = {http://www.annualreviews.org/doi/abs/10.1146/annurev.bb.06.060177.001055},
eprint = {http://www.annualreviews.org/doi/pdf/10.1146/annurev.bb.06.060177.001055}
}
