@article{richmond1984solvent,
  title={Solvent accessible surface area and excluded volume in proteins: Analytical equations for overlapping spheres and implications for the hydrophobic effect},
  author={Richmond, Timothy J},
  journal={Journal of molecular biology},
  volume={178},
  number={1},
  pages={63--89},
  year={1984},
  publisher={Elsevier}
}
