@article{rose1985hydrophobicity,
  title={Hydrophobicity of amino acid residues in globular proteins},
  author={Rose, George D and Geselowitz, Ari R and Lesser, Glenn J and Lee, Richard H and Zehfus, Micheal H},
  journal={Science},
  volume={229},
  number={4716},
  pages={834--838},
  year={1985},
  publisher={American Association for the Advancement of Science}
}
