@article{rothermel2001prioritizing,
  title={Prioritizing test cases for regression testing},
  author={Rothermel, Gregg and Untch, Roland H. and Chu, Chengyun and Harrold, Mary Jean},
  journal={Software Engineering, IEEE Transactions on},
  volume={27},
  number={10},
  pages={929--948},
  year={2001},
  publisher={IEEE}
}
