@article{roux1999implicit,
  title={Implicit solvent models},
  author={Roux, Beno{\i}t and Simonson, Thomas},
  journal={Biophysical Chemistry},
  volume={78},
  number={1},
  pages={1--20},
  year={1999},
  publisher={Elsevier}
}
