@article{rowland2006crystal,
  title={Crystal structure of human cytochrome P450 2D6},
  author={Rowland, Paul and Blaney, Frank E and Smyth, Martin G and Jones, Jo J and Leydon, Vaughan R and Oxbrow, Amanda K and Lewis, Ceri J and Tennant, Mike G and Modi, Sandeep and Eggleston, Drake S and others},
  journal={Journal of Biological Chemistry},
  volume={281},
  number={11},
  pages={7614--7622},
  year={2006},
  publisher={ASBMB}
}
