@article{saff1997distributing,
  title={Distributing many points on a sphere},
  author={Saff, Edward B and Kuijlaars, A BJ},
  journal={The Mathematical Intelligencer},
  volume={19},
  number={1},
  pages={5--11},
  year={1997},
  publisher={Springer}
}
