@article{sauer1995crystal,
  title={Crystal structure of the C2 fragment of streptococcal protein G in complex with the Fc domain of human IgG},
  author={Sauer-Eriksson, A Elisabeth and Kleywegt, Gerard J and Uhl{\'e}n, Mathias and Jones, T Alwyn},
  journal={Structure},
  volume={3},
  number={3},
  pages={265--278},
  year={1995},
  publisher={Elsevier}
}
