@article{schaefer1996comprehensive,
  title={A comprehensive analytical treatment of continuum electrostatics},
  author={Schaefer, Michael and Karplus, Martin},
  journal={The Journal of Physical Chemistry},
  volume={100},
  number={5},
  pages={1578--1599},
  year={1996},
  publisher={ACS Publications}
}
