@book{schlick2010molecular,
  title={Molecular modeling and simulation: an interdisciplinary guide},
  author={Schlick, Tamar},
  volume={21},
  year={2010},
  publisher={Springer}
}
