@article{schlick1992tnpack,
  title={TNPACKâ€”A truncated Newton minimization package for large-scale problems: I. Algorithm and usage},
  author={Schlick, Tamar and Fogelson, Aaron},
  journal={ACM Transactions on Mathematical Software (TOMS)},
  volume={18},
  number={1},
  pages={46--70},
  year={1992},
  publisher={ACM}
}
