@article{schlick1992tnpack2,
  title={TNPACKâ€”A truncated Newton minimization package for large-scale problems: II. Implementation examples},
  author={Schlick, Tamar and Fogelson, Aaron},
  journal={ACM Transactions on Mathematical Software (TOMS)},
  volume={18},
  number={1},
  pages={71--111},
  year={1992},
  publisher={ACM}
}
