@article{schreiber1993interaction,
  title={Interaction of barnase with its polypeptide inhibitor barstar studied by protein engineering},
  author={Schreiber, Gideon and Fersht, Alan R},
  journal={Biochemistry},
  volume={32},
  number={19},
  pages={5145--5150},
  year={1993},
  publisher={ACS Publications}
}
