@article{schulz2003binding,
  title={Binding site characteristics in structure-based virtual screening: evaluation of current docking tools},
  author={Schulz-Gasch, Tanja and Stahl, Martin},
  journal={Journal of Molecular Modeling},
  volume={9},
  number={1},
  pages={47--57},
  year={2003},
  publisher={Springer}
}
