@article{scott2004structure,
  title={Structure of Mammalian Cytochrome P450 2B4 Complexed with 4-(4-Chlorophenyl) imidazole at 1.9-{\AA} Resolution INSIGHT INTO THE RANGE OF P450 CONFORMATIONS AND THE COORDINATION OF REDOX PARTNER BINDING},
  author={Scott, Emily E and White, Mark A and He, You Ai and Johnson, Eric F and Stout, C David and Halpert, James R},
  journal={Journal of Biological Chemistry},
  volume={279},
  number={26},
  pages={27294--27301},
  year={2004},
  publisher={ASBMB}
}
