@article{selick2002emerging,
  title={The emerging importance of predictive ADME simulation in drug discovery},
  author={Selick, Harold E and Beresford, Alan P and Tarbit, Michael H},
  journal={Drug Discovery Today},
  volume={7},
  number={2},
  pages={109--116},
  year={2002},
  publisher={Elsevier}
}
