@article{sellers2008toward,
  title={Toward better refinement of comparative models: predicting loops in inexact environments},
  author={Sellers, Benjamin D and Zhu, Kai and Zhao, Suwen and Friesner, Richard A and Jacobson, Matthew P},
  journal={Proteins: Structure, Function, and Bioinformatics},
  volume={72},
  number={3},
  pages={959--971},
  year={2008},
  publisher={Wiley Online Library}
}
