@article{shaik2005theoretical,
  title={Theoretical perspective on the structure and mechanism of cytochrome P450 enzymes},
  author={Shaik, Sason and Kumar, Devesh and de Visser, Samu{\"e}l P and Altun, Ahmet and Thiel, Walter},
  journal={Chemical reviews},
  volume={105},
  number={6},
  pages={2279--2328},
  year={2005},
  publisher={ACS Publications}
}
