@article{sharp2001entropy,
  title={Entropyâ€”enthalpy compensation: Fact or artifact?},
  author={Sharp, Kim},
  journal={Protein Science},
  volume={10},
  number={3},
  pages={661--667},
  year={2001},
  publisher={Wiley Online Library}
}
