@article{shenkin1987predicting,
  title={Predicting antibody hypervariable loop conformation. I. Ensembles of random conformations for ringlike structures},
  author={Shenkin, Peter S and Yarmush, David L and Fine, Richard M and Wang, Huajun and Levinthal, Cyrus},
  journal={Biopolymers},
  volume={26},
  number={12},
  pages={2053--2085},
  year={1987},
  publisher={Wiley Online Library}
}
