@article{sheridan2007empirical,
  title={Empirical regioselectivity models for human cytochromes P450 3A4, 2D6, and 2C9},
  author={Sheridan, Robert P and Korzekwa, Kenneth R and Torres, Rhonda A and Walker, Matthew J},
  journal={Journal of medicinal chemistry},
  volume={50},
  number={14},
  pages={3173--3184},
  year={2007},
  publisher={ACS Publications}
}
