@article{shrake1973environment,
  title={Environment and exposure to solvent of protein atoms. Lysozyme and insulin},
  author={Shrake, A and Rupley, JA},
  journal={Journal of molecular biology},
  volume={79},
  number={2},
  pages={351--371},
  year={1973},
  publisher={Elsevier}
}
