@article{sigalov2005incorporating,
  title={Incorporating variable dielectric environments into the generalized Born model},
  author={Sigalov, Grigori and Scheffel, Peter and Onufriev, Alexey},
  journal={The Journal of chemical physics},
  volume={122},
  pages={094511},
  year={2005}
}
