@article{singh2003model,
  title={A model for predicting likely sites of CYP3A4-mediated metabolism on drug-like molecules},
  author={Singh, Suresh B and Shen, Lucy Q and Walker, Matthew J and Sheridan, Robert P},
  journal={Journal of medicinal chemistry},
  volume={46},
  number={8},
  pages={1330--1336},
  year={2003},
  publisher={ACS Publications}
}
