@article{soto2008loop,
  title={Loop modeling: sampling, filtering, and scoring},
  author={Soto, Cinque S and Fasnacht, Marc and Zhu, Jiang and Forrest, Lucy and Honig, Barry},
  journal={Proteins: Structure, Function, and Bioinformatics},
  volume={70},
  number={3},
  pages={834--843},
  year={2008},
  publisher={Wiley Online Library}
}
