@article{stenkamp1997structural,
  title={Structural studies of the streptavidin binding loop},
  author={Stenkamp, Ronald E and Trong, Isolde Le and Klumb, Lisa and Stayton, Patrick S and Freitag, Stefanie},
  journal={Protein Science},
  volume={6},
  number={6},
  pages={1157--1166},
  year={1997},
  publisher={Wiley Online Library}
}
