@article{still1990gb,
  title={The GB/SA continuum model for solvation. A fast analytical method for the calculation of approximate born radii},
  author={Still, WC and Tempczyk, A and Hawley, RC and Hendrickson, T},
  journal={J. Am. Chem. Soc},
  volume={112},
  pages={6127--6129},
  year={1990}
}
