@article{still1990semianalytical,
  title={Semianalytical treatment of solvation for molecular mechanics and dynamics},
  author={Still, W Clark and Tempczyk, Anna and Hawley, Ronald C and Hendrickson, Thomas},
  journal={Journal of the American Chemical Society},
  volume={112},
  number={16},
  pages={6127--6129},
  year={1990},
  publisher={ACS Publications}
}
