@article{thorn2001asedb,
  title={ASEdb: a database of alanine mutations and their effects on the free energy of binding in protein interactions},
  author={Thorn, Kurt S and Bogan, Andrew A},
  journal={Bioinformatics},
  volume={17},
  number={3},
  pages={284--285},
  year={2001},
  publisher={Oxford Univ Press}
}
