@article{torrie1977nonphysical,
  title={Nonphysical sampling distributions in Monte Carlo free-energy estimation: Umbrella sampling},
  author={Torrie, Glenn M and Valleau, John P},
  journal={Journal of Computational Physics},
  volume={23},
  number={2},
  pages={187--199},
  year={1977},
  publisher={Elsevier}
}
