@article{tsai1999folding,
  title={Folding funnels, binding funnels, and protein function},
  author={Tsai, Chung-Jung and Kumar, Sandeep and Ma, Buyong and Nussinov, Ruth},
  journal={Protein Science},
  volume={8},
  number={6},
  pages={1181--1190},
  year={1999},
  publisher={Wiley Online Library}
}
