@article{tuckerman1991molecular,
  title={Molecular dynamics algorithm for multiple time scales: Systems with long range forces},
  author={Tuckerman, Mark E and Berne, Bruce J and Martyna, Glenn J},
  journal={The Journal of chemical physics},
  volume={94},
  pages={6811},
  year={1991}
}
