
@phdthesis{turk1989interactive,
  title={Interactive collision detection for molecular graphics},
  author={Turk, Greg},
  year={1989},
  school={The University of North Carolina}
}
