@article{vcerny1985thermodynamical,
  title={Thermodynamical approach to the traveling salesman problem: An efficient simulation algorithm},
  author={{\v{C}}ern{\`y}, VLADIM{\'I}R},
  journal={Journal of optimization theory and applications},
  volume={45},
  number={1},
  pages={41--51},
  year={1985},
  publisher={Springer}
}
