@article{von1993rational,
  title={Rational design of potent sialidase-based inhibitors of influenza virus replication},
  author={von Itzstein, Mark and Wu, Wen-Yang and Kok, Gaik B and Pegg, Michael S and Dyason, Jeffrey C and Jin, Betty and Van Phan, Tho and Smythe, Mark L and White, Hume F and Oliver, Stuart W and others},
  journal={Nature},
  volume={363},
  number={6428},
  pages={418--423},
  year={1993},
  publisher={Nature Publishing Group}
}
