@article{wang2007stochastic,
  title={Stochastic simulations of the cytochrome P450 catalytic cycle},
  author={Wang, Yonghua and Li, Yan and Wang, Bin},
  journal={The Journal of Physical Chemistry B},
  volume={111},
  number={16},
  pages={4251--4260},
  year={2007},
  publisher={ACS Publications}
}
