@article{wang1991combined,
  title={A combined optimization method for solving the inverse kinematics problems of mechanical manipulators},
  author={Wang, L-CT and Chen, Chih Cheng},
  journal={Robotics and Automation, IEEE Transactions on},
  volume={7},
  number={4},
  pages={489--499},
  year={1991},
  publisher={IEEE}
}
