@ONLINE{waterwebsite,
author = {Martin Chaplin},
title = {Protein Folding and Denaturation},
month = February,
year = {2013},
url = {http://www.lsbu.ac.uk/water/protein2.html},
howpublished = "\url{http://www.lsbu.ac.uk/water/protein2.html}"
}
