@article{watkins2003selection,
  title={Selection of high-level resistance to human immunodeficiency virus type 1 protease inhibitors},
  author={Watkins, Terri and Resch, Wolfgang and Irlbeck, David and Swanstrom, Ronald},
  journal={Antimicrobial agents and chemotherapy},
  volume={47},
  number={2},
  pages={759--769},
  year={2003},
  publisher={Am Soc Microbiol}
}
