@article{wedemeyer1999exact,
  title={Exact analytical loop closure in proteins using polynomial equations},
  author={Wedemeyer, William J and Scheraga, Harold A},
  journal={Journal of Computational Chemistry},
  volume={20},
  number={8},
  pages={819--844},
  year={1999},
  publisher={Wiley Online Library}
}
