@inproceedings{weide1995reverse,
  title={Reverse engineering of legacy code exposed},
  author={Weide, Bruce W and Heym, Wayne D and Hollingsworth, Joseph E},
  booktitle={Proceedings of the 17th international conference on Software engineering},
  pages={327--331},
  year={1995},
  organization={ACM}
}
