@article{weiner1984new,
  title={A new force field for molecular mechanical simulation of nucleic acids and proteins},
  author={Weiner, Scott J and Kollman, Peter A and Case, David A and Singh, U Chandra and Ghio, Caterina and Alagona, Guliano and Profeta, Salvatore and Weiner, Paul},
  journal={Journal of the American Chemical Society},
  volume={106},
  number={3},
  pages={765--784},
  year={1984},
  publisher={ACS Publications}
}
