@article{williams2004drug,
  title={Drug-drug interactions for UDP-glucuronosyltransferase substrates: a pharmacokinetic explanation for typically observed low exposure (AUCi/AUC) ratios},
  author={Williams, J Andrew and Hyland, Ruth and Jones, Barry C and Smith, Dennis A and Hurst, Susan and Goosen, Theunis C and Peterkin, Vincent and Koup, Jeffrey R and Ball, Simon E},
  journal={Drug Metabolism and Disposition},
  volume={32},
  number={11},
  pages={1201--1208},
  year={2004},
  publisher={ASPET}
}
