@inproceedings{wong1997study,
  title={A study of effective regression testing in practice},
  author={Wong, W Eric and Horgan, Joseph R and London, Saul and Agrawal, Hira},
  booktitle={PROCEEDINGS The Eighth International Symposium On Software Reliability Engineering},
  pages={264--274},
  year={1997},
  organization={IEEE}
}
