@article{wu1996functional,
  title={Functional Significance of Loops in The Receptor Binding Domain of< i> Bacillus thuringiensis</i> CryIIIA $\delta$-Endotoxin},
  author={Wu, Sheng-Jiun and Dean, Donald H},
  journal={Journal of molecular biology},
  volume={255},
  number={4},
  pages={628--640},
  year={1996},
  publisher={Elsevier}
}
