@article{xiang2001extending,
  title={Extending the accuracy limits of prediction for side-chain conformations},
  author={Xiang, Zhexin and Honig, Barry},
  journal={Journal of molecular biology},
  volume={311},
  number={2},
  pages={421--430},
  year={2001},
  publisher={Elsevier}
}
