@article{zhang2001solvent,
  title={Solvent models for protein--ligand binding: Comparison of implicit solvent Poisson and surface generalized Born models with explicit solvent simulations},
  author={Zhang, Linda Yu and Gallicchio, Emilio and Friesner, Richard A and Levy, Ronald M},
  journal={Journal of Computational Chemistry},
  volume={22},
  number={6},
  pages={591--607},
  year={2001},
  publisher={Wiley Online Library}
}
