@article{zhao2011progress,
  title={Progress in super long loop prediction},
  author={Zhao, Suwen and Zhu, Kai and Li, Jianing and Friesner, Richard A},
  journal={Proteins: Structure, Function, and Bioinformatics},
  volume={79},
  number={10},
  pages={2920--2935},
  year={2011},
  publisher={Wiley Online Library}
}
