@article{zhou2003free,
  title={Free energy landscape of protein folding in water: explicit vs. implicit solvent},
  author={Zhou, Ruhong},
  journal={Proteins: Structure, Function, and Bioinformatics},
  volume={53},
  number={2},
  pages={148--161},
  year={2003},
  publisher={Wiley Online Library}
}
