@article{zhou1995arrangements,
  title={Arrangements of points on the sphere},
  author={Zhou, Yanmu},
  year={1995}
}
