@article{zhu2006long,
  title={Long loop prediction using the protein local optimization program},
  author={Zhu, Kai and Pincus, David L and Zhao, Suwen and Friesner, Richard A},
  journal={Proteins: Structure, Function, and Bioinformatics},
  volume={65},
  number={2},
  pages={438--452},
  year={2006},
  publisher={Wiley Online Library}
}
