@article{zhu2007multiscale,
  title={Multiscale optimization of a truncated Newton minimization algorithm and application to proteins and protein-ligand complexes},
  author={Zhu, Kai and Shirts, Michael R and Friesner, Richard A and Jacobson, Matthew P},
  journal={Journal of Chemical Theory and Computation},
  volume={3},
  number={2},
  pages={640--648},
  year={2007},
  publisher={ACS Publications}
}
