@article{zhu2007improved,
  title={Improved methods for side chain and loop predictions via the protein local optimization program: Variable dielectric model for implicitly improving the treatment of polarization effects},
  author={Zhu, Kai and Shirts, Michael R and Friesner, Richard A},
  journal={Journal of Chemical Theory and Computation},
  volume={3},
  number={6},
  pages={2108--2119},
  year={2007},
  publisher={ACS Publications}
}
